@article{Chen_2024,
   title={A Survey on Hyperlink Prediction},
   volume={35},
   ISSN={2162-2388},
   url={http://dx.doi.org/10.1109/TNNLS.2023.3286280},
   DOI={10.1109/tnnls.2023.3286280},
   number={11},
   journal={IEEE Transactions on Neural Networks and Learning Systems},
   publisher={Institute of Electrical and Electronics Engineers (IEEE)},
   author={Chen, Can and Liu, Yang-Yu},
   year={2024},
   month=nov, pages={15034â€“15050} }

@inproceedings{NIPS2005_182e6c2d,
 author = {Ghahramani, Zoubin and Heller, Katherine A},
 booktitle = {Advances in Neural Information Processing Systems},
 editor = {Y. Weiss and B. Sch\"{o}lkopf and J. Platt},
 pages = {},
 publisher = {MIT Press},
 title = {Bayesian Sets},
 url = {https://proceedings.neurips.cc/paper_files/paper/2005/file/182e6c2d3d78eef40e5dac7da77a748f-Paper.pdf},
 volume = {18},
 year = {2005}
}

@book{gelman2013bayesian,
  title={Bayesian Data Analysis, Third Edition},
  author={Gelman, A. and Carlin, J.B. and Stern, H.S. and Dunson, D.B. and Vehtari, A. and Rubin, D.B.},
  isbn={9781439840955},
  lccn={2013039507},
  series={Chapman \& Hall/CRC Texts in Statistical Science},
  url={https://books.google.cl/books?id=ZXL6AQAAQBAJ},
  year={2013},
  publisher={Taylor \& Francis}
}

